<?xml version="1.0" encoding="UTF-8"?>
<record>
  <leader>01304ncm#a2200361#c#4500</leader>
  <controlfield tag="005">20210409071316.0</controlfield>
  <controlfield tag="007">co#||a||||||||</controlfield>
  <controlfield tag="007">qu</controlfield>
  <controlfield tag="007">sd#|||||||||||</controlfield>
  <controlfield tag="008">130919|2005####gw#uu|#|############ger#c</controlfield>
  <controlfield tag="003">DE-605</controlfield>
  <controlfield tag="001">990198383780206441</controlfield>
  <datafield tag="015" ind1=" " ind2=" ">
    <subfield code="a">06,A01,2360</subfield>
    <subfield code="z">05,N27,2875</subfield>
    <subfield code="2">dnb</subfield>
  </datafield>
  <datafield tag="016" ind1="7" ind2=" ">
    <subfield code="a">1106740171</subfield>
    <subfield code="2">OCoLC</subfield>
  </datafield>
  <datafield tag="020" ind1=" " ind2=" ">
    <subfield code="a">393724039X</subfield>
    <subfield code="c">: EUR 9.95 (DE, freier Pr.), EUR 10.70 (AT, freier Pr.), sfr 19.95 (freier Pr.)</subfield>
    <subfield code="9">3-937240-39-X</subfield>
  </datafield>
  <datafield tag="024" ind1="3" ind2=" ">
    <subfield code="a">9783937240398</subfield>
  </datafield>
  <datafield tag="028" ind1="5" ind2="2">
    <subfield code="a">944187</subfield>
  </datafield>
  <datafield tag="035" ind1=" " ind2=" ">
    <subfield code="a">(DE-605)HT017775049</subfield>
  </datafield>
  <datafield tag="040" ind1=" " ind2=" ">
    <subfield code="a">61</subfield>
    <subfield code="b">ger</subfield>
    <subfield code="e">rakwb</subfield>
  </datafield>
  <datafield tag="041" ind1=" " ind2=" ">
    <subfield code="a">ger</subfield>
  </datafield>
  <datafield tag="044" ind1=" " ind2=" ">
    <subfield code="c">XA-DE-NW</subfield>
  </datafield>
  <datafield tag="090" ind1=" " ind2=" ">
    <subfield code="b">a</subfield>
    <subfield code="h">h</subfield>
  </datafield>
  <datafield tag="100" ind1="1" ind2=" ">
    <subfield code="a">Hoffmann, Werner</subfield>
    <subfield code="d">1953-</subfield>
    <subfield code="0">(DE-588)134887263</subfield>
    <subfield code="4">cmp</subfield>
  </datafield>
  <datafield tag="245" ind1="1" ind2="0">
    <subfield code="a">Jana und das Weihnachtsgeheimnis</subfield>
    <subfield code="h">Tonträger</subfield>
    <subfield code="b">Adventskalender-Geschichten für Kinder ; Hörbuch</subfield>
    <subfield code="c">von Werner Hoffmann</subfield>
  </datafield>
  <datafield tag="264" ind1=" " ind2="1">
    <subfield code="a">Wesel</subfield>
    <subfield code="b">Felsenfest-Verl.</subfield>
    <subfield code="a">Wesel</subfield>
    <subfield code="b">Kawohl-Verl. [Vertrieb]</subfield>
    <subfield code="c">2005</subfield>
  </datafield>
  <datafield tag="300" ind1=" " ind2=" ">
    <subfield code="a">1 CD</subfield>
    <subfield code="b">digital</subfield>
    <subfield code="c">12 cm, 100 gr.</subfield>
  </datafield>
  <datafield tag="300" ind1=" " ind2=" ">
    <subfield code="a">1 CD (75 04 Min.)</subfield>
    <subfield code="c">12 cm</subfield>
    <subfield code="e">1 Booklet [(2)] S.</subfield>
  </datafield>
  <datafield tag="856" ind1="4" ind2="2">
    <subfield code="m">X:MVB</subfield>
    <subfield code="q">text/html</subfield>
    <subfield code="u">http://deposit.dnb.de/cgi-bin/dokserv?id=2649059&amp;prov=M&amp;dok_var=1&amp;dok_ext=htm</subfield>
    <subfield code="3">Inhaltstext</subfield>
  </datafield>
  <datafield tag="964" ind1="0" ind2="s">
    <subfield code="F">030</subfield>
    <subfield code="A">a|1uc||||||17</subfield>
  </datafield>
  <datafield tag="964" ind1="0" ind2="s">
    <subfield code="F">050</subfield>
    <subfield code="A">|||||aa|||||||</subfield>
  </datafield>
  <datafield tag="964" ind1="0" ind2="s">
    <subfield code="F">051</subfield>
    <subfield code="A">mm||z|||</subfield>
  </datafield>
  <datafield tag="035" ind1=" " ind2=" ">
    <subfield code="a">(OCoLC)1106740171</subfield>
  </datafield>
  <datafield tag="035" ind1=" " ind2=" ">
    <subfield code="a">(DE-599)HBZHT017775049</subfield>
  </datafield>
  <datafield tag="MBD" ind1=" " ind2=" ">
    <subfield code="M">49HBZ_NETWORK</subfield>
    <subfield code="i">990198383780206441</subfield>
    <subfield code="n">HBZ Network</subfield>
  </datafield>
  <datafield tag="MNG" ind1=" " ind2=" ">
    <subfield code="c">System</subfield>
    <subfield code="f">ILS</subfield>
    <subfield code="i">marc21</subfield>
    <subfield code="k">01</subfield>
    <subfield code="e">false</subfield>
    <subfield code="d">2021-04-09 07:13:16 Europe/Berlin</subfield>
    <subfield code="g">019838378-HBZ01</subfield>
    <subfield code="j">60</subfield>
    <subfield code="a">import</subfield>
    <subfield code="b">2021-04-05 23:09:11 Europe/Berlin</subfield>
  </datafield>
</record>
